%%for geodesics and intro to regular surfaces/1st fundamental form
@book{do1976differential,
	title={Differential geometry of curves and surfaces},
	author={Do Carmo, Manfredo Perdigao and Do Carmo, Manfredo Perdigao},
	volume={2},
	year={1976},
	publisher={Prentice-Hall Englewood Cliffs}
}

